@article{vanBeest1990,
  year = {1990},
  month = apr,
  publisher = {American Physical Society ({APS})},
  volume = {64},
  number = {16},
  pages = {1955--1958},
  author = {B. W. H. van Beest and G. J. Kramer and R. A. van Santen},
  title = {Force fields for silicas and aluminophosphates based onab initiocalculations},
  journal = {Physical Review Letters}
}
@article{Gale2003,
  year = {2003},
  month = may,
  publisher = {Informa {UK} Limited},
  volume = {29},
  number = {5},
  pages = {291--341},
  author = {Julian D. Gale and Andrew L. Rohl},
  title = {The General Utility Lattice Program ({GULP})},
  journal = {Molecular Simulation}
}
@article{Pedregosa:2011:SML:1953048.2078195,
 author = {Pedregosa, Fabian and Varoquaux, Ga\"{e}l and Gramfort, Alexandre and Michel, Vincent and Thirion, Bertrand and Grisel, Olivier and Blondel, Mathieu and Prettenhofer, Peter and Weiss, Ron and Dubourg, Vincent and Vanderplas, Jake and Passos, Alexandre and Cournapeau, David and Brucher, Matthieu and Perrot, Matthieu and Duchesnay, \'{E}douard},
 title = {Scikit-learn: Machine Learning in Python},
 journal = {J. Mach. Learn. Res.},
 issue_date = {2/1/2011},
 volume = {12},
 month = nov,
 year = {2011},
 issn = {1532-4435},
 pages = {2825--2830},
 numpages = {6},
 url = {http://dl.acm.org/citation.cfm?id=1953048.2078195},
 acmid = {2078195},
 publisher = {JMLR.org},
} 
@article{Evans2017,
  year = {2017},
  month = aug,
  publisher = {American Chemical Society ({ACS})},
  volume = {29},
  number = {18},
  pages = {7833--7839},
  author = {Jack D. Evans and Fran{\c{c}}ois-Xavier Coudert},
  title = {Predicting the Mechanical Properties of Zeolite Frameworks by Machine Learning},
  journal = {Chemistry of Materials}
}
@article{Fernandez2014,
  year = {2014},
  month = aug,
  publisher = {American Chemical Society ({ACS})},
  volume = {5},
  number = {17},
  pages = {3056--3060},
  author = {Michael Fernandez and Peter G. Boyd and Thomas D. Daff and Mohammad Zein Aghaji and Tom K. Woo},
  title = {Rapid and Accurate Machine Learning Recognition of High Performing Metal Organic Frameworks for {CO}2 Capture},
  journal = {The Journal of Physical Chemistry Letters}
}
@article{deJong2016,
  year = {2016},
  month = oct,
  publisher = {Springer Nature},
  volume = {6},
  number = {1},
  author = {Maarten de Jong and Wei Chen and Randy Notestine and Kristin Persson and Gerbrand Ceder and Anubhav Jain and Mark Asta and Anthony Gamst},
  title = {A Statistical Learning Framework for Materials Science: Application to Elastic Moduli of k-nary Inorganic Polycrystalline Compounds},
  journal = {Scientific Reports}
}
@article{Willems2012,
  year = {2012},
  month = feb,
  publisher = {Elsevier {BV}},
  volume = {149},
  number = {1},
  pages = {134--141},
  author = {Thomas F. Willems and Chris H. Rycroft and Michaeel Kazi and Juan C. Meza and Maciej Haranczyk},
  title = {Algorithms and tools for high-throughput geometry-based analysis of crystalline porous materials},
  journal = {Microporous and Mesoporous Materials}
}
@article{Martin2011,
  year = {2011},
  month = dec,
  publisher = {American Chemical Society ({ACS})},
  volume = {52},
  number = {2},
  pages = {308--318},
  author = {Richard Luis Martin and Berend Smit and Maciej Haranczyk},
  title = {Addressing Challenges of Identifying Geometrically Diverse Sets of Crystalline Porous Materials},
  journal = {Journal of Chemical Information and Modeling}
}
@article{Ong2013,
  year = {2013},
  month = feb,
  publisher = {Elsevier {BV}},
  volume = {68},
  pages = {314--319},
  author = {Shyue Ping Ong and William Davidson Richards and Anubhav Jain and Geoffroy Hautier and Michael Kocher and Shreyas Cholia and Dan Gunter and Vincent L. Chevrier and Kristin A. Persson and Gerbrand Ceder},
  title = {Python Materials Genomics (pymatgen): A robust,  open-source python library for materials analysis},
  journal = {Computational Materials Science}
}
@article{Friedman2001,
  year = {2001},
  month = oct,
  publisher = {Institute of Mathematical Statistics},
  volume = {29},
  number = {5},
  pages = {1189--1232},
  author = {Jerome H. Friedman},
  title = {machine.},
  journal = {The Annals of Statistics}
}
@book{Hastie2009,
  year = {2009},
  publisher = {Springer New York},
  author = {Trevor Hastie and Robert Tibshirani and Jerome Friedman},
  title = {The Elements of Statistical Learning}
}
@article{Mohan2011,
author = {Mohan, Ananth and Chen, Zheng and Weinberger, Kilian},
year = {2011},
month = {01},
pages = {77-89},
title = {Web-Search Ranking with Initialized Gradient Boosted Regression Trees},
volume = {14},
journal = {JMLR Workshop and Conference Proceedings: Proceedings of the Yahoo! Learning to Rank Challenge}
}
@inproceedings{Caruana2006,
  year = {2006},
  publisher = {{ACM} Press},
  author = {Rich Caruana and Alexandru Niculescu-Mizil},
  title = {An empirical comparison of supervised learning algorithms},
  booktitle = {Proceedings of the 23rd international conference on Machine learning  - {ICML} {\textquotesingle}06}
}
@article{Pophale2011,
  year = {2011},
  publisher = {Royal Society of Chemistry ({RSC})},
  volume = {13},
  number = {27},
  pages = {12407},
  author = {Ramdas Pophale and Phillip A. Cheeseman and Michael W. Deem},
  title = {A database of new zeolite-like materials},
  journal = {Physical Chemistry Chemical Physics}
}
@article{Coudert2013,
  year  = {2013},
  publisher = {Royal Society of Chemistry ({RSC})},
  volume = {15},
  number = {38},
  pages = {16012},
  author = {Fran{\c{c}}ois-Xavier Coudert},
  title = {Systematic investigation of the mechanical properties of pure silica zeolites: stiffness,  anisotropy,  and negative linear compressibility},
  journal = {Phys. Chem. Chem. Phys.}
 } 
  @article{Siddorn2015,
  doi = {10.1039/c5cp01168j},
  url = {https://doi.org/10.1039/c5cp01168j},
  year = {2015},
  publisher = {Royal Society of Chemistry ({RSC})},
  volume = {17},
  number = {27},
  pages = {17927--17933},
  author = {M. Siddorn and F.-X. Coudert and K. E. Evans and A. Marmier},
  title = {A systematic typology for negative Poisson{\textquotesingle}s ratio materials and the prediction of complete auxeticity in pure silica zeolite {JST}},
  journal = {Physical Chemistry Chemical Physics}
}
@article{Tan2010,
  author = { Tan, J. C. and Bennett, T. D. and Cheetham, A. K. },
  title = { Chemical structure, network topology, and porosity effects on the mechanical properties of Zeolitic Imidazolate Frameworks },
  journal = { Proc. Nat. Acad. Sci. },
  year = { 2010 },
  volume = { 107 },
  issue = { 22 },
  pages = { 9938--9943 },
}
@article{Varughese2013,
  author = { Varughese, Sunil and Kiran, M. S. R. N. and Ramamurty, Upadrasta and Desiraju, Gautam R. },
  title = { Nanoindentation in Crystal Engineering: Quantifying Mechanical Properties of Molecular Crystals },
  journal = { Angew. Chem. Int. Ed. },
  year = { 2013 },
  volume = { 52 },
  issue = { 10 },
  pages = { 2701--2712 },
}
@article{Li2009,
  year = {2009},
  month = feb,
  publisher = {Elsevier {BV}},
  volume = {95},
  number = {2},
  pages = {188--198},
  author = {Hongdong Li and Yizeng Liang and Qingsong Xu},
  title = {Support vector machines and its applications in chemistry},
  journal = {Chemometrics and Intelligent Laboratory Systems}
}
@book{Nye1985,
  title={Physical properties of crystals: their representation by tensors and matrices},
  author={Nye, John Frederick},
  year={1985},
  publisher={Oxford university press}
}